<?xml version="1.0" encoding="UTF-8"?><collection xmlns="http://www.loc.gov/MARC21/slim"><record><leader>00417nam--2200133-i-4500</leader><controlfield tag="001">000013488</controlfield><controlfield tag="002">20161230</controlfield><controlfield tag="005">20161230201030</controlfield><controlfield tag="008">060222s1000------------r-----000-0-eng-d</controlfield><datafield ind1=" " ind2=" " tag="080"><subfield code="a">533.9</subfield></datafield><datafield ind1=" " ind2=" " tag="245"><subfield code="a">Fundamentals of plasma physics. editor sanbord c.brown. translated from the russian by k.z.ve deneyeva and v.f.agranat</subfield></datafield><datafield ind1=" " ind2=" " tag="260"><subfield code="a">New York, John Wiley &amp; Sons, 1977 Xvi + 405 P</subfield></datafield><datafield ind1=" " ind2=" " tag="700"><subfield code="a">Brown, S.C</subfield></datafield><datafield ind1=" " ind2=" " tag="852"><subfield code="a">48894</subfield></datafield></record></collection>